
@article{Cont2023CrossImpact,
  title={Cross-Impact of Order Flow Imbalance in Equity Markets},
  author={Rama Cont and Mihai Cucuringu and Chao Zhang},
  journal={Quantitative Finance},
  volume={23},
  number={10},
  pages={1373--1393},
  publisher={Taylor \& Francis},
  institution={University of Oxford; University of Oxford - Department of Statistics; The Alan Turing Institute; Hong Kong University of Science and Technology (Guangzhou); Oxford-Man Institute of Quantitative Finance},
  date={2022-09-24}
}

